<record><leader>00000cas a22000007a 4500</leader><controlfield tag="001">25810301</controlfield><controlfield tag="008">920513d19922009moudn ne      0   a0eng d</controlfield><datafield ind1=" " ind2=" " tag="010"><subfield code="a">sn 92058860 </subfield></datafield><datafield ind1=" " ind2=" " tag="040"><subfield code="a">MQN</subfield><subfield code="b">eng</subfield><subfield code="c">MQN</subfield><subfield code="d">NSD</subfield><subfield code="d">DLC</subfield><subfield code="d">OCLCQ</subfield></datafield><datafield ind1=" " ind2=" " tag="012"><subfield code="m">d</subfield></datafield><datafield ind1="1" ind2=" " tag="022"><subfield code="a">1063-6994</subfield><subfield code="l">1063-6994</subfield><subfield code="2">1</subfield></datafield><datafield ind1=" " ind2=" " tag="037"><subfield code="b">Tri-Lakes Newspapers, 114 N. Commercial Branson, MO 65616</subfield></datafield><datafield ind1=" " ind2=" " tag="042"><subfield code="a">msc</subfield><subfield code="a">nsdp</subfield></datafield><datafield ind1=" " ind2="0" tag="222"><subfield code="a">Branson tri-lakes daily news</subfield></datafield><datafield ind1="0" ind2="0" tag="245"><subfield code="a">Branson tri-lakes daily news.</subfield></datafield><datafield ind1="0" ind2="0" tag="246"><subfield code="a">Tri-lakes Branson daily news</subfield></datafield><datafield ind1=" " ind2=" " tag="260"><subfield code="a">Branson, Mo. :</subfield><subfield code="b">Tri-Lakes Newspapers,</subfield><subfield code="c">1992-</subfield></datafield><datafield ind1=" " ind2=" " tag="300"><subfield code="a">v.</subfield></datafield><datafield ind1=" " ind2=" " tag="310"><subfield code="a">Daily (Tues.-Sat.)</subfield></datafield><datafield ind1="0" ind2=" " tag="362"><subfield code="a">Vol. 81, no. 21 (May 1, 1992)-</subfield></datafield><datafield ind1="1" ind2=" " tag="362"><subfield code="a">Ceased in 2009?</subfield></datafield><datafield ind1=" " ind2=" " tag="515"><subfield code="a">Continues numbering of: Branson beacon and White River leader.</subfield></datafield><datafield ind1=" " ind2=" " tag="580"><subfield code="a">Formed by the union of: Branson beacon and White River leader, and: Southwest Missourian, and: Taney County republican.</subfield></datafield><datafield ind1=" " ind2=" " tag="752"><subfield code="a">United States</subfield><subfield code="b">Missouri</subfield><subfield code="c">Taney</subfield><subfield code="d">Branson.</subfield></datafield><datafield ind1="1" ind2="4" tag="780"><subfield code="t">Branson beacon and White River leader</subfield><subfield code="w">(DLC)sn 89066086</subfield><subfield code="w">(OCoLC)20372024</subfield></datafield><datafield ind1="1" ind2="4" tag="780"><subfield code="t">Southwest Missourian</subfield><subfield code="x">0193-1016</subfield><subfield code="w">(DLC)sn 79003311</subfield><subfield code="w">(OCoLC)5138447</subfield></datafield><datafield ind1="1" ind2="4" tag="780"><subfield code="t">Taney County republican</subfield><subfield code="w">(DLC)sn 89067390</subfield><subfield code="w">(OCoLC)20537433</subfield></datafield><datafield ind1="0" ind2="0" tag="785"><subfield code="t">Branson Tri-Lakes news</subfield><subfield code="x">2153-103X</subfield><subfield code="w">(DLC)  2010204311</subfield><subfield code="w">(OCoLC)501316717</subfield></datafield><datafield ind1=" " ind2=" " tag="936"><subfield code="a">Vol. 81, no. 48 (June 9, 1992) LIC</subfield></datafield></record>